<record><leader>00000cas a22000007a 4500</leader><controlfield tag="001">22204224</controlfield><controlfield tag="008">900810d19uu1974mauwr ne      0    0eng d</controlfield><datafield ind1=" " ind2=" " tag="010"><subfield code="a">sn 89062438 </subfield></datafield><datafield ind1=" " ind2=" " tag="040"><subfield code="a">MGN</subfield><subfield code="b">eng</subfield><subfield code="c">MGN</subfield><subfield code="d">OCL</subfield><subfield code="d">OCLCQ</subfield><subfield code="d">OCLCF</subfield><subfield code="d">OCLCO</subfield></datafield><datafield ind1="1" ind2=" " tag="029"><subfield code="a">AU@</subfield><subfield code="b">000025851278</subfield></datafield><datafield ind1=" " ind2=" " tag="042"><subfield code="a">msc</subfield></datafield><datafield ind1=" " ind2=" " tag="043"><subfield code="a">n-us-ma</subfield></datafield><datafield ind1="0" ind2="0" tag="245"><subfield code="a">Orange enterprise and journal.</subfield></datafield><datafield ind1=" " ind2=" " tag="260"><subfield code="a">Orange, Mass. :</subfield><subfield code="b">Carl P. Bradbury,</subfield><subfield code="c">-1974.</subfield></datafield><datafield ind1=" " ind2=" " tag="300"><subfield code="a">v.</subfield></datafield><datafield ind1=" " ind2=" " tag="310"><subfield code="a">Weekly</subfield></datafield><datafield ind1="0" ind2=" " tag="362"><subfield code="a">-v. 65, no. 28 (July 24, 1974).</subfield></datafield><datafield ind1=" " ind2=" " tag="588"><subfield code="a">Description based on: Vol. 79, no. 28 (Jan. 5, 1961) = v. 9, no. 91.</subfield></datafield><datafield ind1=" " ind2="0" tag="651"><subfield code="a">Orange (Mass.)</subfield><subfield code="v">Newspapers.</subfield></datafield><datafield ind1=" " ind2="7" tag="655"><subfield code="a">Newspapers.</subfield><subfield code="2">fast</subfield><subfield code="0">(OCoLC)fst01423814</subfield></datafield><datafield ind1=" " ind2="7" tag="651"><subfield code="a">Massachusetts</subfield><subfield code="z">Orange.</subfield><subfield code="2">fast</subfield><subfield code="0">(OCoLC)fst01237002</subfield></datafield><datafield ind1=" " ind2=" " tag="752"><subfield code="a">United States</subfield><subfield code="b">Massachusetts</subfield><subfield code="c">Franklin</subfield><subfield code="d">Orange.</subfield></datafield><datafield ind1="0" ind2="0" tag="780"><subfield code="t">Enterprise and journal (Orange, Mass. : 1899)</subfield><subfield code="w">(DLC)sn 86071786</subfield><subfield code="w">(OCoLC)13997178</subfield></datafield><datafield ind1="0" ind2="0" tag="785"><subfield code="t">Enterprise and journal (Orange, Mass. : 1974)</subfield><subfield code="w">(DLC)sn 89062439</subfield><subfield code="w">(OCoLC)22204209</subfield></datafield></record>